46500000         229979036000140                    00000 000000000000  INSS                                                                  11908202200000000000308900000                                                                     
46500001 1202109202200010000000229979036000140                          00000 000000000000  INSS                          00                                                                                                                    
4650001300001H0                                    000000000000080109346560   00000000000000000 20007202201000000000000000000000000000000000000000001000000000000C_8010934656_932    00000000000000000000                             HO2A00    
4650001300002H0                                    000000000000080109346560   00000000000000000 20008202202000000000000000000000000000000000000000001000000000000C_8010934656_932    00000000000000000000                             HO2A00    
4650001300003H0                                    000000000000080109346560   00000000000000000 20009202203000000000000000000000000000000000000000001000000000000C_8010934656_932    00000000000000000000                             HO2A00    
46500015000000000000500000000000000000000000030000000000030000000000000000000000000000000000000000000000000000                                                                                                                                  
46599999         000001000007000000                                                                                                                                                                                                             